<record><leader>00000cas a22000007a 4500</leader><controlfield tag="001">13429777</controlfield><controlfield tag="008">860414d19741977wiuwr ne      0    0eng d</controlfield><datafield ind1=" " ind2=" " tag="010"><subfield code="a">sn 86086176 </subfield></datafield><datafield ind1=" " ind2=" " tag="040"><subfield code="a">NPV</subfield><subfield code="b">eng</subfield><subfield code="c">NPV</subfield><subfield code="d">OCLCQ</subfield></datafield><datafield ind1=" " ind2=" " tag="042"><subfield code="a">msc</subfield></datafield><datafield ind1=" " ind2=" " tag="045"><subfield code="a">x7x7</subfield></datafield><datafield ind1=" " ind2=" " tag="052"><subfield code="a">4123</subfield><subfield code="b">V4</subfield></datafield><datafield ind1="0" ind2="0" tag="245"><subfield code="a">La Farge sentry-enterprise.</subfield></datafield><datafield ind1="1" ind2="3" tag="246"><subfield code="a">Hillsboro sentry enterprise</subfield></datafield><datafield ind1="1" ind2="3" tag="246"><subfield code="a">Sentry enterprise</subfield></datafield><datafield ind1=" " ind2=" " tag="260"><subfield code="a">Hillsboro, Wis. :</subfield><subfield code="b">J.M. and Elaine Hanna,</subfield><subfield code="c">-1977.</subfield></datafield><datafield ind1=" " ind2=" " tag="300"><subfield code="a">v. :</subfield><subfield code="b">ill.</subfield></datafield><datafield ind1=" " ind2=" " tag="310"><subfield code="a">Weekly</subfield></datafield><datafield ind1="0" ind2=" " tag="362"><subfield code="a">-v. 6, no. 14 (Aug. 25, 1977).</subfield></datafield><datafield ind1="1" ind2=" " tag="362"><subfield code="a">Began in 1974?</subfield></datafield><datafield ind1=" " ind2=" " tag="500"><subfield code="a">Editor: J.M. Hanna, &lt;April 24, 1975&gt;-Aug. 25, 1977.</subfield></datafield><datafield ind1=" " ind2=" " tag="525"><subfield code="a">Supplements accompany some issues.</subfield></datafield><datafield ind1=" " ind2=" " tag="530"><subfield code="a">Available on microfilm from The State Historical Society of Wisconsin.</subfield></datafield><datafield ind1=" " ind2=" " tag="588"><subfield code="a">Description based on: Vol. 2, no. 47 (Apr. 24, 1975).</subfield></datafield><datafield ind1=" " ind2=" " tag="752"><subfield code="a">United States</subfield><subfield code="b">Wisconsin</subfield><subfield code="c">Vernon</subfield><subfield code="d">La Farge.</subfield></datafield><datafield ind1=" " ind2=" " tag="752"><subfield code="a">United States</subfield><subfield code="b">Wisconsin</subfield><subfield code="c">Vernon</subfield><subfield code="d">Hillsboro.</subfield></datafield><datafield ind1="0" ind2="4" tag="785"><subfield code="t">Hillsboro sentry-enterprise</subfield><subfield code="w">(DLC)sn 84007000</subfield></datafield><datafield ind1="1" ind2=" " tag="029"><subfield code="a">AU@</subfield><subfield code="b">000023468206</subfield></datafield></record>